@article{Chann2002,
    title = {{129Xe-Xe Molecular Spin Relaxation}},
    year = {2002},
    journal = {Physical Review Letters},
    author = {Chann, B and Nelson, I A and Anderson, L W and Driehuys, B and Walker, T G},
    number = {11},
    pages = {113201},
    volume = {88},
    url = {http://link.aps.org/doi/10.1103/PhysRevLett.88.113201},
    doi = {10.1103/PhysRevLett.88.113201},
    issn = {0031-9007}
}

@article{Schrank2009a,
    title = {{Characterization of a low-pressure high-capacity {\^{}}{\{}129{\}}Xe flow-through polarizer}},
    year = {2009},
    journal = {Physical Review A},
    author = {Schrank, G. and Ma, Z. and Schoeck, a. and Saam, B.},
    number = {6},
    month = {12},
    pages = {1--10},
    volume = {80},
    url = {http://link.aps.org/doi/10.1103/PhysRevA.80.063424},
    doi = {10.1103/PhysRevA.80.063424},
    issn = {1050-2947}
}

@article{Freeman2014,
    title = {{Characterizing and modeling the efficiency limits in large-scale production of hyperpolarized Xe 129}},
    year = {2014},
    journal = {Physical Review A - Atomic, Molecular, and Optical Physics},
    author = {Freeman, M. S. and Emami, K. and Driehuys, B.},
    number = {2},
    volume = {90},
    isbn = {1050-2947 (Print){\textbackslash}r1050-2947 (Linking)},
    doi = {10.1103/PhysRevA.90.023406},
    issn = {10941622},
    pmid = {25400489}
}

@article{Raback2015,
    title = {{Elmer Models Manual}},
    year = {2015},
    author = {R{\aa}back, Peter and Malinen, Mika and Ruokolainen, Juha and Pursula, Antti and Zwinger, Thomas},
    url = {http://www.csc.fi/elmer.}
}

@article{Appelt1999,
    title = {{Experimental studies of rubidium absolute polarization at high temperatures}},
    year = {1999},
    journal = {Applied Physics Letters},
    author = {Appelt, S and Appelt, S and Unlu, T and Unlu, T and Zilles, K and Zilles, K and Shah, N J and Shah, N J and Baer-Lang, S and Baer-Lang, S and Halling, H and Halling, H},
    number = {3},
    pages = {427--429},
    volume = {75},
    url = {http://link.aip.org/link/?APL/75/427/1},
    doi = {10.1063/1.124397},
    issn = {00036951},
    keywords = {atom-ph, optical pumping, polarisability, rubidium}
}

@article{Walker2011,
    title = {{Fundamentals of Spin-Exchange Optical Pumping}},
    year = {2011},
    journal = {Journal of Physics: Conference Series},
    author = {Walker, Thad G},
    pages = {012001},
    volume = {294},
    url = {http://iopscience.iop.org/1742-6596/294/1/012001},
    doi = {10.1088/1742-6596/294/1/012001},
    issn = {1742-6596}
}

@phdthesis{Ruset2005,
    title = {{Hyperpolarized {\^{}}{\{}129{\}}Xe Production and Applications}},
    year = {2005},
    author = {Ruset, I. C.},
    school = {University of New Hampshire}
}

@article{Walter2002,
    title = {{Magnetic slowing down of spin relaxation due to binary collisions of alkali-metal atoms with buffer-gas atoms}},
    year = {2002},
    journal = {Physical Review Letters},
    author = {Walter, D K and Griffith, W M and Happer, W},
    number = {9},
    pages = {930041--930044},
    volume = {88},
    doi = {10.1103/PhysRevLett.88.093004},
    issn = {00319007},
    pmid = {11864002}
}

@misc{NIST69,
    title = {{NIST Chemistry WebBook NIST Standard Reference Database Number 69}},
    year = {2018},
    editor = {Linstrom, L.J. and Mallard, W.G.},
    publisher = {National Institute of Standards and Technology},
    url = {https://webbook.nist.gov/chemistry/},
    address = {Gaithersburg},
    doi = {https://doi.org/10.18434/T4D303}
}

@article{Fink2007,
    title = {{Optimization of continuous flow pump cells used for the production of hyperpolarized 129Xe: A theoretical study}},
    year = {2007},
    journal = {Applied Physics B: Lasers and Optics},
    author = {Fink, A. and Brunner, E.},
    number = {1},
    pages = {65--71},
    volume = {89},
    url = {http://dx.doi.org/10.1007/s00340-007-2754-z},
    isbn = {0946-2171},
    doi = {10.1007/s00340-007-2754-z},
    issn = {09462171}
}

@phdthesis{Nelson2001,
    title = {{Physics of Practical Spin-Exchange Optical Pumping}},
    year = {2001},
    author = {Nelson, Ian A},
    school = {University of Wisconsin-Madison}
}

@article{Baranga1998,
    title = {{Polarization of 3He by Spin Exchange with Optically Pumped Rb and K Vapors}},
    year = {1998},
    journal = {Physical Review Letters},
    author = {Ben-Amar Baranga, A and Appelt, S and Romalis, M. and Erickson, C. and Young, A. and Cates, G. and Happer, W},
    number = {13},
    pages = {2801--2804},
    volume = {80},
    doi = {10.1103/PhysRevLett.80.2801},
    issn = {0031-9007},
    pmid = {72757000012}
}

@article{Fink2005,
    title = {{Production of hyperpolarized xenon in a static pump cell: Numerical simulations and experiments}},
    year = {2005},
    journal = {Physical Review A - Atomic, Molecular, and Optical Physics},
    author = {Fink, A. and Baumer, D. and Brunner, E.},
    number = {5},
    volume = {72},
    isbn = {1050-2947},
    doi = {10.1103/PhysRevA.72.053411},
    issn = {10502947}
}

@book{Kolasinski2012,
    title = {{Surface science : foundations of catalysis and nanoscience}},
    year = {2012},
    author = {Kolasinski, Kurt W.},
    publisher = {Wiley},
    url = {https://www.wiley.com/en-us/Surface+Science%3A+Foundations+of+Catalysis+and+Nanoscience%2C+3rd+Edition-p-9781119990369},
    isbn = {9781119990369}
}

@book{Crank1975,
    title = {{THE MATHEMATICS OF DIFFUSION}},
    year = {1975},
    author = {Crank, J},
    edition = {2},
    publisher = {Oxford University Press},
    address = {London}
}

@book{Bird2007,
    title = {{Transport phenomena}},
    year = {2007},
    author = {Bird, R. Byron (Robert Byron) and Stewart, Warren E. and Lightfoot, Edwin N.},
    pages = {905},
    publisher = {J. Wiley},
    url = {https://www.wiley.com/en-us/Transport+Phenomena%2C+Revised+2nd+Edition-p-9780470115398},
    isbn = {9780470115398}
}

@article{Terskikh2002AMaterials,
    title = {{A general correlation for the 129Xe NMR chemical shift-pore size relationship in porous silica-based materials}},
    year = {2002},
    journal = {Langmuir},
    author = {Terskikh, Victor V. and Moudrakovski, Igor L. and Breeze, Steven R. and Lang, Stephen and Ratcliffe, Christopher I. and Ripmeester, John A. and Sayari, Abdelhamid},
    number = {15},
    pages = {5653--5656},
    volume = {18},
    isbn = {0743-7463},
    doi = {10.1021/la025714x},
    issn = {07437463}
}

@phdthesis{Burant2018CHARACTERIZINGCONTRAST,
    title = {{CHARACTERIZING HYPERPOLARIZED 129 Xe DEPOLARIZATION MECHANISMS DURING CONTINUOUS-FLOW SPIN EXCHANGE OPTICAL PUMPING AND AS A SOURCE OF IMAGE CONTRAST}},
    year = {2018},
    author = {Burant, Alex},
    school = {University of North Carolina},
    address = {Chapel Hill}
}

@article{Driehuys1996High-volume129Xe,
    title = {{High-volume production of laser-polarized 129Xe}},
    year = {1996},
    journal = {Applied Physics Letters},
    author = {Driehuys, B. and Cates, G. D. and Miron, E. and Sauer, K. and Walter, D. K. and Happer, W.},
    number = {12},
    pages = {1668--1670},
    volume = {69},
    url = {http://scitation.aip.org/content/aip/journal/apl/69/12/10.1063/1.117022\npapers2://publication/doi/10.1063/1.117022},
    doi = {10.1063/1.117022},
    issn = {00036951}
}

@article{Oros2004HyperpolarizedMRI,
    title = {{Hyperpolarized xenon in NMR and MRI}},
    year = {2004},
    journal = {Physics in Medicine and Biology},
    author = {Oros, Ana-Maria and Shah, N Jon},
    pages = {R105-R153},
    volume = {49}
}

@article{Wagshul1989OpticalPolarization,
    title = {{Optical pumping of high-density Rb with a broadband dye laser and GaAlAs diode laser arrays: Application to     He     3       polarization}},
    year = {1989},
    journal = {Physical Review A},
    author = {Wagshul, M. E. and Chupp, T. E.},
    number = {8},
    month = {10},
    pages = {4447--4454},
    volume = {40},
    publisher = {American Physical Society},
    url = {https://link.aps.org/doi/10.1103/PhysRevA.40.4447},
    doi = {10.1103/PhysRevA.40.4447},
    issn = {0556-2791}
}

@article{Ruset2006Optical129Xe,
    title = {{Optical pumping system design for large production of hyperpolarized {\^{}}{\{}129{\}}Xe}},
    year = {2006},
    journal = {Physical Review Letters},
    author = {Ruset, I. C. and Ketel, S. and Hersman, F. W.},
    number = {5},
    pages = {053002},
    volume = {96},
    isbn = {0031-9007 (Print){\textbackslash}r0031-9007 (Linking)},
    doi = {10.1103/PhysRevLett.96.053002},
    issn = {10797114},
    pmid = {16486926}
}

@article{Appelt1998Theory129Xe,
    title = {{Theory of spin-exchange optical pumping of {\^{}}{\{}3{\}}He and {\^{}}{\{}129{\}}Xe}},
    year = {1998},
    journal = {Physical Review A},
    author = {Appelt, S and Baranga, A. and Erickson, C. and Romalis, M. and Young, A. and Happer, W},
    number = {2},
    pages = {1412--1439},
    volume = {58},
    url = {http://link.aps.org/doi/10.1103/PhysRevA.58.1412},
    doi = {10.1103/PhysRevA.58.1412},
    issn = {1050-2947}
}

@article{Schroder2013XenonAlert,
    title = {{Xenon for NMR biosensing - Inert but alert}},
    year = {2013},
    journal = {Physica Medica},
    author = {Schr{\"{o}}der, Leif},
    number = {1},
    pages = {3--16},
    volume = {29},
    doi = {10.1016/j.ejmp.2011.11.001},
    issn = {11201797},
    pmid = {22119272},
    keywords = {Biosensor, CEST, Contrast agent, Hyperpolarization, MRI, NMR, SEOP, Xenon}
}

@phdthesis{Schrank2009XENONSTUDIES,
    title = {{XENON POLARIZER CHARACTERIZATION AND BIOLOGICAL STUDIES}},
    year = {2009},
    author = {Schrank, Geoffry M},
    school = {University of Utah}
}